@article{Toelch2018,
  doi = {10.1371/journal.pbio.2006022},
  url = {https://doi.org/10.1371/journal.pbio.2006022},
  year = {2018},
  month = jul,
  publisher = {Public Library of Science ({PLoS})},
  volume = {16},
  number = {7},
  pages = {e2006022},
  author = {Ulf Toelch and Dirk Ostwald},
  title = {Digital open science{\textemdash}Teaching digital tools for reproducible and transparent research},
  journal = {{PLOS} Biology}
}
